@article{simoes,
    author = "Costa, V. M. M. and Simões, S. V. D. and Riet-Correa, F.",
    title = "Doenças parasitárias em ruminantes no semi-árido brasileiro",
    year = "2009",
    journal = "Pesquisa Veterinária Brasileira",
    volume = "9",
    number = "7"
}

@article{gives,
    author = "Torres-Acosta, J. F. J. and Mendoza-De-Gives, P. and Aguilar-Caballero, A. J. and CuéllarOrdaz, J. A.",
    title = "Anthelmintic resistance in sheep farms: update of the situation in the American continent",
    journal = "Veterinary Parasitology, vol. 189, no.1, pp. 89-96",
    year = "2012"
}

@article{suassuna,
    author = "Ahid, S.M.M. and Suassuna, A.C.D. and Maia, M.B. and Costa, V.M.M and Soares, S.",
    title = "Parasitos gastrintestinais em caprinos e ovinos da região oeste do Rio Grande do Norte",
    journal = "Ciência Animal Brasileira, vol. 9, pp. 212-218.",
    year = "2008"
}

@article{kahn,
    author = "Beasley, A.M. and Kahn, L.P. and Windon, R.G.",
    title = "The periparturient relaxation of immunity in Merino ewes infected with Trichostrongylus colubriformis: parasitological and immunological responses",
    journal = "Veterinary Parasitology, vol. 168, pp. 60-70",
    year = "2010"
}

@article{lemos,
    author = "Riet-Correa, F. and Schild, A. L. and Mendez, M. D. C. and Lemos, R. A. A.",
    journal = "Doenças de ruminantes e equinos, 2 ed., São Paulo, p. 90",
    year = "2007"
}

@article{hart,
    author = "Hart, S.",
    title = "Effective and sustainable control of nematode parasites in small ruminants: The need to adopt alternatives to chemotherapy with emphasis on biologic control.",
    journal = "Simpósio Internacional Sobre Caprinos e Ovinos",
    year = "2011"
}

@article{hoste,
    author = "Torres-Acosta, J. F. J. and Hoste, H.",
    title = "Alternative or improved methods to limit gastrointestinal parasitism in grazing sheep and goats.",
    journal = "Small Ruminant Research, vol.  77, pp. 159-173",
    year = "2008"
}

@article{pors,
    author = "Chartir, C. and Pors, I. and Hubert, J. and Rocheteau, D. and Benoit, C. and Bernard, N.",
    title = "Prevalence of anthelmintic resistant nematodes in sheep and goats in Western France",
    journal = "Small Ruminant Research, vol 29, no. 1, pp. 33-41",
    year = "1998"
}

@article{merwe,
    author = "Van Wyk, J. A. and Stenson, M. O. and Van der Merwe, J. S. and Vorster, R. J. and Viljoen, P. G.",
    title = "Anthelmintic resistance in South Africa: surveys indicate an extremely serious situation in sheep and goat farming",
    journal = "Journal of Veterinary Research, vol. 66, no. 4, pp. 273-284",
    year = "1999"
}

@article{pomroy,
    author = "Pomroy, W. E.",
    title = "Anthelmintic resistance in New Zealand: a perspective on recent findings and options for the future",
    journal = "New Zealand Veterinary Journal, vol. 54, pp. 265270",
    year = "2006"
}

@article{fortes,
    author = "Molento, M. B. and Fortes, F. S. and Pondelek, D. A. S. and Borges, F. A. and Chagas, A. C. S. and Torres-Acosta, J. F. and Geldhof, P.",
    title = "Challenges of nematode control in ruminants: Focus on Latin America",
    journal = "Veterinary Parasitology, vol. 180, pp. 126-132",
    year = "2011"
}

@article{pompeu,
    author = "Charles, T. P. and Pompeu, J. and Miranda, D. B.",
    title = "Efficacy of three broad-spectrum anthelmintics against gastrointestinal nematode infections of goats",
    journal = "Veterinary Parasitology, vol. 34, pp. 71-75",
    year = "1989"
}

@article{barreto,
    author = "Barreto, M. A. and Silva, J. S.",
    title = "Avaliação da resistência de nematódeos gastrintestinais em rebanhos caprinos do estado da Bahia – (Resultados Preliminares)",
    journal = "Seminário Brasileiro de Parasitologia Veterinária",
    year = "1999"
}

@article{melo,
    author = "Melo, A. C. F. L. and Reis, I. F. and Bevilaqua, C. M. L. and Vieira, L. S. and Echevarria, F. A. M. and Melo, L. M.",
    title = "Nematódeos resistentes a anti-helmínticos em rebanhos de ovinos e caprinos do Estado do Ceará",
    journal = "Ciência Rural, vol. 33, no. 2, pp. 339-344",
    year = "2003"
}

@article{berga,
    author = "Martins, A. C. and Bergamasco, P. L. F. and Felippelli, G. and Tebaldi, J. H. and Duarte, M. M. F. and Testi, A. J. P. and Lapera, I. M. and Hoppe, E. G. L.",
    title = "Haemonchus contortus resistance to monepantel in sheep: fecal egg count reduction tests and randomized controlled trials",
    journal = "Semina Ciências Agrárias, no. 38, pp. 231-238",
    year = "2017"
}

@article{vilar,
    author = "Riet-Correa B, B. and Riet-Correa, F. and Vilar, S. S.",
    title = "Sistemas produtivos de caprinocultura leiteira no semiárido nordestino: controle integrado das parasitoses gastrointestinais visando contornar a resistência anti-helmíntica",
    journal = "Pesquisa Veterinária Brasileira, vol. 33, no. 7, pp. 901-908",
    year = "2013"
}

@article{coelho,
    author = "Oliveira, P. A. and Riet-Correa, B. and Estima-Silva, P. and Coelho, A. C. B. and Santos, B. L. and Costa, M. A. P. and Ruas, J. L. and Schild A. L.",
    title = "Multiple anthelmintic resistance in Southern Brazil sheep flocks",
    journal = "Revista Brasileira de Parasitologia Veterinária, vol. 26, no. 4, p. 427-432",
    year = "2017"
}

@article{junior,
    author = "Mallmann-Júnior, P. M. and Raimondo, R. F. S. and Riet-Correa, B. and Rodegheri, L. J. and Silveira, A. G. and Oliveira, B. S. and Oberst, E. R.",
    title = "Resistência ao Monepantel em nematoides gastrintestinais multirresistentes em rebanhos ovinos no Rio Grande do Sul",
    journal = "Semina Ciências Agrárias, vol. 39, no. 5, pp. 2059-2070",
    year = "2018"
}

@article{mol04,
    author = "Molento, M. B.",
    title = "Resistência de helmintos em ovinos e caprinos",
    journal = "Congresso Brasileiro de Parasitologia Veterinária",
    year = "2004"
}

@article{crin,
    author = "Rinaldi, L. and Cringoli, G.",
    title = "Parasitological and pathophysiological methods for selective application of anthelmintic treatments in goats",
    journal = "Small Ruminant Research, vol. 103, pp. 18-22",
}

@article{minho,
    author = "Minho, A. P. and Molento, M. M. B.",
    title = "Método FAMACHA: Uma técnica para prevenir o aparecimento da resistência parasitária",
    journal = "Circular Técnica da Embrapa, no. 46, pp. 1-6",
    year = "2014",
}

@article{chagas,
    author = "Chagas, A. C. S. and Oliveira, M. C. S. and Carvalho, C. O. and Molento, M. B.",
    title = "Método FAMACHA©: Um recurso para o controle da verminose em ovinos, Circular Técnica",
    journal = "Embrapa Pecuária Sudeste, pp 1-8",
    year = "2012"
}

@article{gil,
    author = "Fernandes, M. A. M. and Gilaverte, S. and Buzatti, A. and Sprenger, L. K. and Silva, C. J. A. and Peres, M. T. P. and Molento, M. B. and Monteiro, A.",
    title = "Método FAMACHA para detectar anemia clínica causada por Haemonchus Contortus em cordeiros lactentes e ovelhas em lactação",
    journal = "Pesquisa Veterinária Brasileira, vo. 35, no. 6, pp. 525-530",
    year = "2015"
}

@article{demo,
    author = "Demoliner, G. and Alves, R. J. F.",
    title = "Anemimetro: App móvel para implementação do método FAMACHA",
    journal = "Unoesc \& Ciência, vol. 8, no. 1, pp. 25-32",
    year = "2017"
}

@article{ribeiro,
    author = "Ribeiro, W. D",
    title = "Uma Metodologia para Detectar Anemia em Pequenos Ruminantes",
    journal = "Trabalho de Conclusão de Curso, Curso de Ciência da Computação, Universidade Federal do Maranhão",
    year = "2018"
}

@article{lim,
    author = "Sivathanu, Y. R. and Lim, J.",
    title = "Method and a mobile app for use with a mobile device to accurately quantify blood hemoglobin in mammals",
    journal = "US Patent 2016/0089062 A1",
    year = "2016"
}

@misc{dartyou,
  author = {Smartherd},
  title = {{Dart Tutorial for Beginners}},
  howpublished = "\url{https://www.youtube.com/playlist?list=PLlxmoA0rQ-LyHW9voBdNo4gEEIh0SjG-q}",
  year = {2018}, 
  note = "[Online; accessed 15-04-2020]"
}

@misc{flutteryou,
  author = {Smartherd},
  title = {{Flutter Tutorial for Beginners Using Dart}},
  howpublished = "\url{https://www.youtube.com/playlist?list=PLlxmoA0rQ-Lw6tAs2fGFuXGP13-dWdKsB}",
  year = {2018}, 
  note = "[Online; accessed 23-04-2020]"
}

@book{gonzales,
    author = "Gonzalez, R. C. and Woods, R. E.",
    title = "Digital Image Processing",
    edition = "4",
    year = "2018"
}
@book{controle,
    author = "Silva, Agnaldo Silveira and Trofino, Alexandre",
    title = "Princípios de Sistemas de Controle",
}

@book{octave,
    author = "John W. Eaton and David Bateman and Søren Hauberg and Rik Wehbring",
    title = "GNU Octave - A high-level interactive language for numerical computations",
    year = "2020",
    edition = 5
}
@book{theodor,
    author = "Sergios Theodoridis and Konstantinos Koutroumbas",
    title = "Pattern Recognition",
    year = "2009",
    edition = 4
}
@book{theodor2,
    author = "Sergios Theodoridis and Konstantinos Koutroumbas",
    title = "An Introduction to Pattern Recognition: A MATLAB Approach",
    year = "2010",
    edition = 1
}
@online{flutter,
    title  = {Flutter},
    date   = {2020-10},
    url    = {https://flutter.dev/}
}
@online{dart,
    title  = {Dart},
    date   = {2020-10},
    url    = {https://dart.dev/}
}
@online{git,
    title  = {Git},
    date   = {2020-10},
    url    = {https://git-scm.com/}
}
@online{gitlab,
    title  = {GitLab},
    date   = {2020-10},
    url    = {https://about.gitlab.com/}
}
@online{aprendendoeletrica,
    title = {YYYYY},
    date = {2020-11},
    url = {https://aprendendoeletrica.com/fusiveis-diazed-e-nh-o-que-sao/}
}
@online{wikiifsc,
    title = {YYYYY},
    date = {2020-11},
    url = {https://wiki.ifsc.edu.br/mediawiki/images/7/7d/Aula_2_Instalacoes_Eletricas-fusiveis.pdf}
}
@online{sabereletrica,
    title = {YYYYY},
    date = {2020-11},
    url = {https://www.sabereletrica.com.br/tipos-de-fusiveis/}
}
@online{ilumisul,
    title = {YYYYY},
    date = {2020-11},
    url = {http://www.ilumisul.com.br/saiba-mais-sobre-os-fusiveis-nh/#:~:text=Os%20fus%C3%ADveis%20utilizam%202%20letras}
}
@online{osetoreletrico,
    title = {YYYYY},
    date = {2020-11},
    url = {https://www.osetoreletrico.com.br/dicas-de-instalacao/}
}
@online{professorpetry,
    title = {YYYYY},
    date = {2020-11},
    url = {https://professorpetry.com.br/Ensino/Repositorio/Docencia_UFSC/Materiais_EEL_7051/17_Materiais_Fusiveis.pdf}
}
@online{drb,
    title = {YYYYY},
    date = {2020-11},
    url = {http://drb-m.org/pepp/1.fusiveis.pdf}
}
@online{fazfacil,
    title = {YYYYY},
    date = {2020-11},
    url = {https://www.fazfacil.com.br/reforma-construcao/caracteristica-escolha-fusivel/}
}
@online{edisciplinas,
    title = {YYYYY},
    date = {2020-11},
    url = {https://edisciplinas.usp.br/pluginfile.php/5575075/mod_resource/content/3/teo_dispositivos_protecao.pdf}
}
@online{scilab,
    title  = {SciLab},
    date   = {2021-08},
    url    = {www.scilab.org}
}
@online{audacity,
    title  = {Audacity},
    date   = {2021-08},
    url    = {www.audacity.org}
}

@article{MR3043640,
  AUTHOR = {Hecht, F.},
  TITLE = {New development in FreeFem++},
  JOURNAL = {J. Numer. Math.},
  FJOURNAL = {Journal of Numerical Mathematics},
  VOLUME = {20}, YEAR = {2012},
  NUMBER = {3-4}, PAGES = {251--265},
  ISSN = {1570-2820},
  MRCLASS = {65Y15},
  MRNUMBER = {3043640},
  URL = {https://freefem.org/}
}
